<record><leader>00000cas a22000007a 4500</leader><controlfield tag="001">12547259</controlfield><controlfield tag="008">850913d19191925mtuwr ne      0    0eng d</controlfield><datafield ind1=" " ind2=" " tag="010"><subfield code="a">sn 85053270 </subfield></datafield><datafield ind1=" " ind2=" " tag="040"><subfield code="a">MTL</subfield><subfield code="b">eng</subfield><subfield code="c">MTL</subfield><subfield code="d">OCLCQ</subfield></datafield><datafield ind1=" " ind2=" " tag="042"><subfield code="a">msc</subfield></datafield><datafield ind1="0" ind2="0" tag="245"><subfield code="a">Ringling independent.</subfield></datafield><datafield ind1=" " ind2=" " tag="260"><subfield code="a">Ringling, Mont. :</subfield><subfield code="b">J.C. Schleppegrell,</subfield><subfield code="c">-1925.</subfield></datafield><datafield ind1=" " ind2=" " tag="300"><subfield code="a">6 v. :</subfield><subfield code="b">ill. ;</subfield><subfield code="c">56 cm.</subfield></datafield><datafield ind1=" " ind2=" " tag="310"><subfield code="a">Weekly</subfield></datafield><datafield ind1="0" ind2=" " tag="362"><subfield code="a">-v. 6, no. 38 (Mar. 7, 1925).</subfield></datafield><datafield ind1="1" ind2=" " tag="362"><subfield code="a">Began in 1919.</subfield><subfield code="z">Cf. Gregory, W. Amer. newspapers.</subfield></datafield><datafield ind1=" " ind2=" " tag="588"><subfield code="a">Description based on: Vol. 4, no. 19 (Nov. 4, 1922).</subfield></datafield><datafield ind1=" " ind2=" " tag="752"><subfield code="a">United States</subfield><subfield code="b">Montana</subfield><subfield code="c">Meagher</subfield><subfield code="d">Ringling.</subfield></datafield><datafield ind1="0" ind2="4" tag="785"><subfield code="t">Meagher Republican</subfield><subfield code="g">Mar. 13, 1925</subfield><subfield code="w">(DLC)sn 86075088</subfield></datafield></record>